% Bibliography entries for natbib
% Entry 2: Calculus by Salas, Hille, and Etgen
@book{salas_calculus_1999,
  author={Salas, Saturnino L. and Hille, Einar},
  title={Calculus: One and Several Variables},
  publisher={Wiley},
  year={1984},
  edition={3},
  isbn={9780471316596},
}
% Entry 1: Fundamentum de mathématique Analyse (CRM Éditions)
@book{fundamentum_analyse,
  title={Fundamentum de mathématique Analyse},
  publisher={CRM Éditions},
  author={Commission romande de mathématiques},
  year={2018},
  isbn={9782940621026},
}



% Entry 3: Sesamath Suisse Romande Manual
@misc{sesamath_3e_2022,
  author={{Association Sesamath Suisse Romande}},
  title={Sésamath -- Troisième année de maturité gymnasiale},
  publisher={Association Sesamath Suisse Romande},
  year={2022},
  url={https://sesamath.ch/},
}
